<collection xmlns="http://www.loc.gov/MARC21/slim">
<record>
  <leader>01275nam0a2200265 i 450 </leader>
  <controlfield tag="001">IT\ICCU\CNCE\011443</controlfield>
  <controlfield tag="005">20071128000000.0</controlfield>
  <datafield tag="012" ind1=" " ind2=" ">
    <subfield code="a">s-em e-u- oris paca (C) 1526 (A)</subfield>
    <subfield code="2">fei</subfield>
  </datafield>
  <datafield tag="100" ind1=" " ind2=" ">
    <subfield code="a">19970101d1526        0itac0103    ba</subfield>
  </datafield>
  <datafield tag="101" ind1=" " ind2=" ">
    <subfield code="a">LAT</subfield>
  </datafield>
  <datafield tag="102" ind1=" " ind2=" ">
    <subfield code="a">IT</subfield>
  </datafield>
  <datafield tag="200" ind1="1" ind2=" ">
    <subfield code="a">Miracula &amp; officium gloriosi sancti Ludouici episcopi &amp; confessoris Ordinis fratrum minorum s. Fran</subfield>
  </datafield>
  <datafield tag="210" ind1=" " ind2=" ">
    <subfield code="e">Neapoli</subfield>
    <subfield code="g">in aedibus Ioan. Pasq.</subfield>
    <subfield code="g">per Dominicum &amp; Marcum Antonium Pasquetum fratres</subfield>
    <subfield code="h">die 12 mensis octobris 1526</subfield>
  </datafield>
  <datafield tag="215" ind1=" " ind2=" ">
    <subfield code="a">\16! c.</subfield>
    <subfield code="c">ill.</subfield>
    <subfield code="d">8ʻ</subfield>
  </datafield>
  <datafield tag="500" ind1="1" ind2="0">
    <subfield code="3">IT\ICCU\CNCE\072100</subfield>
    <subfield code="a">Officia propria sanctorum</subfield>
  </datafield>
  <datafield tag="620" ind1=" " ind2=" ">
    <subfield code="a">IT</subfield>
    <subfield code="d">Napoli</subfield>
  </datafield>
  <datafield tag="710" ind1="0" ind2="2">
    <subfield code="a">Chiesa cattolica</subfield>
    <subfield code="3">6731</subfield>
  </datafield>
  <datafield tag="712" ind1="0" ind2="0">
    <subfield code="a">Pasquet, Jean</subfield>
    <subfield code="3">IT\ICCU\CNCT\000143</subfield>
    <subfield code="4">650</subfield>
  </datafield>
  <datafield tag="712" ind1="0" ind2="0">
    <subfield code="a">Pasquet, Domenico &amp; Pasquet, Marcantonio</subfield>
    <subfield code="3">IT\ICCU\CNCT\001448</subfield>
    <subfield code="4">650</subfield>
  </datafield>
  <datafield tag="791" ind1="0" ind2="0">
    <subfield code="a">Pasquetus, Ioanannes de Sallo</subfield>
    <subfield code="3">IT\ICCU\CNCT\005302</subfield>
    <subfield code="z">Pasquet, Jean</subfield>
  </datafield>
  <datafield tag="791" ind1="0" ind2="0">
    <subfield code="a">Pasquetti, Giovanni</subfield>
    <subfield code="3">IT\ICCU\CNCT\006395</subfield>
    <subfield code="z">Pasquet, Jean</subfield>
  </datafield>
  <datafield tag="791" ind1="0" ind2="0">
    <subfield code="a">Pasquet, Marcantonio</subfield>
    <subfield code="3">IT\ICCU\CNCT\001449</subfield>
    <subfield code="z">Pasquet, Domenico &amp; Pasquet, Marcantonio</subfield>
  </datafield>
  <datafield tag="791" ind1="0" ind2="0">
    <subfield code="a">Pasquetti, Domenico &amp; Pasquetti, Marcantonio</subfield>
    <subfield code="3">IT\ICCU\CNCT\006396</subfield>
    <subfield code="z">Pasquet, Domenico &amp; Pasquet, Marcantonio</subfield>
  </datafield>
  <datafield tag="801" ind1=" " ind2="3">
    <subfield code="a">IT</subfield>
    <subfield code="b">ICCU</subfield>
    <subfield code="c">20201113</subfield>
  </datafield>
  <datafield tag="899" ind1=" " ind2=" ">
    <subfield code="a">Biblioteca nazionale Vittorio Emanuele III. Napoli</subfield>
    <subfield code="1">NA0079</subfield>
    <subfield code="2">NAP BN</subfield>
  </datafield>
</record>
</collection>
